@BOOK{Gonzalez,
author = "Гонсалес Р. and Вудс Р.",
title = "Цифровая обработка изображений",
address = "М.",
publisher = "Техносфера",
year = 2005,
numpages = 1072,
language = "russian"
}
@MISK{web:Kalinkina,
author = "Калинкина Д. and Д. Ватолин",
title = "Проблема подавления шума на изображениях и
видео и различные подходы к ее решению.",
language = "russian",
year = 2005,
note = "{http://masters.donntu.org/2013/fknt/lashchenko/library/ni.pdf} дата обращения 02.05.2019"
}
